=LDR  01075ccm a2200313 a 4500
=001  012973637
=003  Uk
=005  20050222101125.0
=008  040819s\\\\\\\\\\\||\\|\||||||n\\\\\\\\\
=FMT  \\$a  MU
=082  14$a780$215
=100  1\$aWagner, Richard,$d1813-1883.
=245  \0$aSämtliche Werke
=260  \\$aMainz$bSchott Musik International
=336  \\$anotated music$2rdacontent
=337  \\$aunmediated$2rdamedia
=338  \\$avolume$2rdacarrier
=500  \\$aUmbrella record
=852  \\$aBritish Library$bDSC$cMUSIC$xFor accurate British Library holdings see monograph title.
=852  41$aBritish Library$bMUSIC$jI.391.a./$oI$3Vol. 1-
=CAT  \\$a7988$b40$c20040819$lBLL01$h1618
=CAT  \\$a12316$b40$c20050221$lBLL01$h1559
=CAT  \\$a4587$b40$c20050222$lBLL01$h1011
=CAT  \\$a4587$b40$c20060420$lBLL01$h1534
=CAT  \\$aBATCH-UPD$b40$c20100713$lBLL01$h1127
=CAT  \\$aWR12-140$c20121101$lBLL01$h1843
=CAT  \\$aWR15_100$c20150913$lBLL01$h1615
=STA  \\$aSUPPRESSED$bAcquisitions Use Only
=LAS  \\$aWR15_100$b00$c20150913$lBLL01$h1615

