=LDR  01519ccm a2200457 a 4500
=001  013008758
=003  Uk
=005  20070814093545.0
=008  930325s1964\\\\xxu|||\||||||||||\\\und\|
=FMT  \\$a  MU
=019  d\$afj08500005
=019  c\$a2138661
=040  \\$aUk$cUk
=082  14$a780$215
=245  00$aRecent researches in the music of the Renaissance
=260  \\$aNew Haven, Conn :$bA-R Editions,$c1964-
=260  3\$aMiddleton$bA-R Editions.
=300  \\$c8.̊
=336  \\$anotated music$2rdacontent
=337  \\$aunmediated$2rdamedia
=338  \\$avolume$2rdacarrier
=500  \\$aUmbrella record
=595  \\$aSEE MUSIC CATALOGUE.
=852  \\$aBritish Library$bDSC$cMUSIC$xFor accurate British Library holdings see monograph title.
=852  41$aBritish Library$bMUSIC$jG.1490.a./$3Vol.1.-
=945  \\$aRECENT RESEARCHES IN THE MUSIC OF THE RENAISSANCE.
=979  \\$aBritish Library$bDSC$j7305.089000N
=CAT  \\$a7988$b40$c20041007$lBLL01$h1114
=CAT  \\$a4587$b40$c20060307$lBLL01$h1743
=CAT  \\$a8870$b40$c20060505$lBLL01$h1309
=CAT  \\$a7988$b40$c20070814$lBLL01$h0935
=CAT  \\$aWR12-140$c20121101$lBLL01$h1843
=CAT  \\$aWR13.005$c20130323$lBLL01$h1229
=CAT  \\$aWR15_100$c20150913$lBLL01$h1615
=FIN  \\$aY
=LEO  \\$aMP15.0000440285
=LEO  \\$aMP10.0000482226
=SRC  \\$aDSS01$bbibmp10.200404.2.aa
=SRC  \\$aCPM01$bbibmp15.200404.2.aa
=STA  \\$aSUPPRESSED$bAcquisitions Use Only
=LAS  \\$aWR15_100$b00$c20150913$lBLL01$h1615

