=LDR  01155ccm a2200325 a 4500
=001  015665893
=003  Uk
=005  20220114161820.0
=008  101007s\\\\\\\\\\\||\\|\||||||n\\|\zxx\\
=FMT  \\$a  MU
=040  \\$aUk$beng$cUk
=082  14$a780$215
=100  1\$aBach, Johann Sebastian,$d1685-1750.
=245  10$aJohann Sebastian Bach. Neue Ausgabe Sämtlicher Werke. Revidierte Edition. Herausgegeben vom Bach-Archiv Leipzig.
=260  \\$aKassel:$bBärenreiter$c2010
=336  \\$anotated music$2rdacontent
=337  \\$aunmediated$2rdamedia
=338  \\$avolume$2rdacarrier
=500  \\$aUMBRELLA RECORD
=500  \\$aUse N.11.a./ for reading room copies.
=500  \\$aUse H.911.aa./ for stack copies.
=852  41$aBritish Library$bMUSIC$jN.11.a./$3Vol.1.
=852  41$aBritish Library$bMUSIC$iH.911.aa./$3Vol.1.-
=CAT  \\$a7988$b40$c20101007$lBLL01$h0844
=CAT  \\$aWR12-140$c20121101$lBLL01$h1843
=CAT  \\$aWR15_100$c20150811$lBLL01$h0326
=CAT  \\$aMFISHER$b40$c20220114$lBLL01$h1603
=CAT  \\$a12274$b40$c20220114$lBLL01$h1618
=STA  \\$aSUPPRESSED$bAcquisitions Use Only
=LAS  \\$a12274$b40$c20220114$lBLL01$h1618

