=LDR  02395cas a22006137a 4500
=001  013015030
=003  Uk
=005  20230210010305.0
=007  ta
=008  041015c20059999enkmr\p\\\\\\\0\\\a0eng\\
=FMT  \\$a  SE
=022  0\$a1745-5332$202
=040  \\$aUk$beng$cUk
=042  \\$aissnuk
=222  \0$aFun to learn. Bag-o-fun magazine
=245  00$aFun to learn.$pBag-o-fun magazine.
=246  30$aBag-o-fun magazine
=260  \\$aShrewsbury :$bRedan
=310  \\$aMonthly
=336  \\$atext$2rdacontent
=337  \\$aunmediated$2rdamedia
=338  \\$avolume$2rdacarrier
=540  \\$aCurrent Copyright Fee: GBP25.00$c0$5Uk
=852  41$aBritish Library$bHMNTS$kHMNTS$3Issue 3-
=CAT  \\$a8870$b40$c20041015$lBLL01$h0946
=CAT  \\$a6537$b40$c20050912$lBLL01$h1137
=CAT  \\$a6537$b40$c20050912$lBLL01$h1508
=CAT  \\$a10973$b40$c20051010$lBLL01$h1222
=CAT  \\$aBATCH-CLA$b00$c20160229$lBLL01$h1612
=CAT  \\$aIPL-CLA$c20160331$lBLL01$h1725
=CAT  \\$aBATCH-CLA$b00$c20161130$lBLL01$h1640
=CAT  \\$aIPL-CLA$c20161230$lBLL01$h2130
=CAT  \\$aBATCH-CLA$b00$c20171130$lBLL01$h1705
=CAT  \\$aW1711-1225$c20171203$lBLL01$h1020
=CAT  \\$aIPL-CLA$c20171231$lBLL01$h1636
=CAT  \\$aBATCH-CLA$b00$c20191129$lBLL01$h1623
=CAT  \\$aIPL-CLA$c20191231$lBLL01$h1930
=CAT  \\$aBATCH-CLA$b00$c20201126$lBLL01$h1408
=CAT  \\$aIPL-CLA$c20201231$lBLL01$h2155
=CAT  \\$aBATCH-CLA$b00$c20221130$lBLL01$h1442
=CAT  \\$aIPL-CLA$c20221231$lBLL01$h2101
=CAT  \\$aBATCH-CLA$b00$c20230209$lBLL01$h1529
=CAT  \\$aIPL-CLA$c20230210$lBLL01$h0103
=CFI  0\$aCurrent Copyright Fee: GBP25.00$c0$e09-feb-2023$fGBP25.00$g0$hC$5Uk
=CFI  2\$aBritish Library not licensed to copy$c0$e01-jan-2023$hC$iCFP Excluded$5Uk
=FIN  \\$aY$d20050912
=STA  \\$aSUPPRESSED$bunable to determine reason for suppression
=TCO  \\$aCLA$bCLA$c008
=ACF  \\$aPrevious Copyright Fee: GBP12.30$c0$e01-apr-2016$fGBP12.30$g0$hC$5Uk
=ACF  \\$aPrevious Copyright Fee: GBP15.00$c0$e01-jan-2017$fGBP15.00$g0$hC$5Uk
=ACF  \\$aPrevious Copyright Fee: GBP17.50$c0$e01-jan-2018$fGBP17.50$g0$hC$5Uk
=ACF  \\$aPrevious Copyright Fee: GBP20.00$c0$e01-jan-2020$fGBP20.00$g0$hC$5Uk
=ACF  \\$aPrevious Copyright Fee: GBP22.50$c0$e01-jan-2021$fGBP22.50$g0$hC$5Uk
=LAS  \\$aIPL-CLA$b00$c20230210$lBLL01$h0103

