=LDR  01292 as a22003977a 4500
=001  013055806
=003  Uk
=005  20160503172640.0
=007  ta
=008  041203c20059999enkbr\p\\\\\\\0\\\a0eng\\
=FMT  \\$a  SE
=022  0\$a1745-8404$202
=040  \\$aUk$beng$cUk
=042  \\$aissnuk
=222  \0$aFairy princess colouring fun
=245  00$aFairy princess colouring fun.
=260  \\$aExeter :$bEuropa Magazines
=264  31$a[Exeter] :$bLCD Publishing
=310  \\$aBimonthly
=336  \\$atext$2rdacontent
=337  \\$aunmediated$2rdamedia
=338  \\$avolume$2rdacarrier
=540  \\$aCurrent Copyright Fee: GBP12.30$c0$5Uk
=852  41$aBritish Library$bHMNTS$kHMNTS$3Issue 1-
=CAT  \\$a8870$b40$c20041203$lBLL01$h1625
=CAT  \\$a6537$b40$c20050912$lBLL01$h1513
=CAT  \\$a10973$b40$c20051010$lBLL01$h1038
=CAT  \\$a10973$b40$c20160503$lBLL01$h1726
=CAT  \\$aBATCH-CLA$b00$c20160831$lBLL01$h1650
=CAT  \\$aIPL-CLA$c20160930$lBLL01$h1602
=CAT  \\$aW1711-1225$c20171203$lBLL01$h1020
=CFI  0\$aCurrent Copyright Fee: GBP12.30$c0$e01-oct-2016$fGBP12.30$g0$hC$5Uk
=FIN  \\$aY$d20050912
=STA  \\$aSUPPRESSED$bunable to determine reason for suppression
=TCO  \\$aCLA$bCLA$c008
=LAS  \\$aW1711-1225$b00$c20171203$lBLL01$h1020

