=LDR  00826 am a22002293a 4500
=001  013466660
=003  Uk
=005  20201017092800.0
=008  060511s\\\\\\\\\\\\\\\\\\\\\\\0\\\\jpn\\
=FMT  \\$a  BK
=245  \0$aHon jigoku:$bLimited edition 150 [Japanese miniature book: Box 4].
=336  \\$atext$2rdacontent
=337  \\$aunmediated$2rdamedia
=338  \\$avolume$2rdacarrier
=883  0\$aLanguage codes assigned by Bayesian analysis of words present in record$d20200826$qUk$c0.9919
=852  41$aBritish Library$bOC$mOr.Misc 71
=985  \\$aUpgraded by BSS-generated file for WR2009-0365
=CAT  \\$a11686$b40$c20060511$lBLL01$h1413
=CAT  \\$aWR12170$c20121116$lBLL01$h1658
=CAT  \\$aW2009-0365$b00$c20201017$lBLL01$h0928
=STA  \\$aSUPPRESSED$bPreliminary Record
=LAS  \\$aW2009-0365$b00$c20201017$lBLL01$h0928

