=LDR  00832 am a22002293a 4500
=001  013466799
=003  Uk
=005  20201127180917.0
=008  060511s\\\\\\\\\\\\\\\\\\\\\\\0\\\\chi\\
=FMT  \\$a  BK
=245  \0$aXiuzhen shinu [pocket album of beautiful women] :$b[Chinese miniature].
=336  \\$atext$2rdacontent
=337  \\$aunmediated$2rdamedia
=338  \\$avolume$2rdacarrier
=883  0\$aLanguage codes assigned by Bayesian analysis of words present in record$d20201028$qUk$c0.9010
=852  41$aBritish Library$bOC$zOr.Misc 108
=985  \\$aUpgraded by BSS-generated file for WR2011-1472
=CAT  \\$a11686$b40$c20060511$lBLL01$h1506
=CAT  \\$aWR12170$c20121116$lBLL01$h1659
=CAT  \\$aW2011-1472$b00$c20201127$lBLL01$h1809
=STA  \\$aSUPPRESSED$bPreliminary Record
=LAS  \\$aW2011-1472$b00$c20201127$lBLL01$h1809

