=LDR  00869 cm a2200277 a 4500
=001  013519458
=003  Uk
=005  20060727143340.0
=008  060727s\\\\\\\\\\\||\\|\||||||n\\\\\\\\\
=FMT  \\$a  MU
=040  \\$aUK$beng$cUK
=082  14$a780$215
=100  1\$aMontes, Juan,$d1840-1899.
=245  \0$aObras musicales de Juan Montes
=260  \\$aSantiago de Compostela:$bXunta de Galicia
=336  \\$anotated music$2rdacontent
=337  \\$aunmediated$2rdamedia
=338  \\$avolume$2rdacarrier
=500  \\$aUmbrella record
=852  41$aBritish Library$bMUSIC$mG.967./$3Vol.1. -
=CAT  \\$a7988$b40$c20060727$lBLL01$h1433
=CAT  \\$aWR12-140$c20121101$lBLL01$h1843
=CAT  \\$aWR15_100$c20150913$lBLL01$h1616
=CAT  \\$aBATCH-UPD$b00$c20150913$lBLL01$h1644
=STA  \\$aSUPPRESSED$bAcquisitions Use Only
=LAS  \\$aBATCH-UPD$b00$c20150913$lBLL01$h1644

