=LDR  00891 cm a2200289 a 4500
=001  013549001
=003  Uk
=005  20070904143621.0
=008  060907s\\\\\\\\\\\||\\|\||||||n\\\\\\\\\
=FMT  \\$a  MU
=040  \\$aUK$beng$cUK
=082  14$a780$215
=100  1\$aKraus, Joseph Martin,$d1756-1792.
=245  \0$aMusikalische Werke
=260  \\$aStuttgart:$bCarus
=336  \\$anotated music$2rdacontent
=337  \\$aunmediated$2rdamedia
=338  \\$avolume$2rdacarrier
=500  \\$aUmbrella record
=852  41$aBritish Library$bMUSIC$mH.2134.ff./$3Vol.1.-
=CAT  \\$a7988$b40$c20060907$lBLL01$h1126
=CAT  \\$a4587$b40$c20070904$lBLL01$h1436
=CAT  \\$aBATCH-UPD$b40$c20110820$lBLL01$h1806
=CAT  \\$aWR12-140$c20121101$lBLL01$h1843
=CAT  \\$aWR15_100$c20150913$lBLL01$h1616
=STA  \\$aSUPPRESSED$bAcquisitions Use Only
=LAS  \\$aWR15_100$b00$c20150913$lBLL01$h1616

