=LDR  00730 as a22002417i 4500
=001  019355252
=003  Uk
=005  20190405120750.0
=006  m\\\\\|\\d\|\\\\\\
=007  cr\|||||||||||
=008  190404c\\\\9999\\\\\\p\o\\\\\0\\\a0eng\\
=FMT  \\$a  SE
=245  00$aEveryday life & women in America c1800-1920.
=264  \1$bAdam Matthew Digital.
=336  \\$atext$2rdacontent
=337  \\$acomputer$2rdamedia
=338  \\$aonline resource$2rdacarrier
=852  41$aBritish Library$bHMNTS$me-media
=985  \\$aPurchased accessioning record awaiting upgrade
=CAT  \\$a10902$b40$c20190404$lBLL01$h1725
=CAT  \\$a10902$b40$c20190405$lBLL01$h1207
=STA  \\$aSUPPRESSED$bDatabase
=LAS  \\$a10902$b40$c20190405$lBLL01$h1207

