=LDR  00921 cm a2200289 a 4500
=001  013622407
=003  Uk
=005  20061211120218.0
=008  061211s\\\\\\\\\\\||\\|\||||||n\\\\\\\\\
=040  \\$aUK$beng$cUK
=082  14$a780$215
=100  1\$aEisler, Hanns,$d1898-1962.
=245  \0$aHanns Eisler complete edition
=260  \\$aWiesbaden:$bBreitkopf & Härtel$c2006
=336  \\$anotated music$2rdacontent
=337  \\$aunmediated$2rdamedia
=338  \\$avolume$2rdacarrier
=500  \\$aUmbrella record
=852  41$aBritish Library$bMUSIC$mH.2134.gg./$3Vol.1.-
=CAT  \\$a7988$b40$c20061211$lBLL01$h1202
=CAT  \\$aBATCH-UPD$b40$c20070224$lBLL01$h1714
=CAT  \\$aBATCH-UPD$b40$c20110113$lBLL01$h1228
=CAT  \\$aWR12-140$c20121101$lBLL01$h1843
=CAT  \\$aWR15_100$c20150913$lBLL01$h1617
=FMT  \\$a  MU
=LAS  \\$aWR15_100$b00$c20150913$lBLL01$h1617
=STA  \\$aSUPPRESSED$bAcquisitions Use Only

