=LDR  00981 cm a2200301 a 4500
=001  013622642
=003  Uk
=005  20070904144726.0
=008  061211s\\\\\\\\\\\||\\|\||||||n\\\\\\\\\
=040  \\$aUK$beng$cUK
=082  14$a780$215
=100  1\$aCorelli, Arcangelo,$d1653-1713.
=245  \0$aHistorische-kritische Gesamtausgabe der musikalischen Werke
=260  \\$aLaaber:$bLaaber-Verlag
=336  \\$anotated music$2rdacontent
=337  \\$aunmediated$2rdamedia
=338  \\$avolume$2rdacarrier
=500  \\$aUmbrella record
=852  41$aBritish Library$bMUSIC$mh.202.o./$3Vol.1.-
=CAT  \\$a7988$b40$c20061211$lBLL01$h1433
=CAT  \\$a4587$b40$c20070904$lBLL01$h1433
=CAT  \\$a4587$b40$c20070904$lBLL01$h1447
=CAT  \\$aBATCH-UPD$b40$c20110209$lBLL01$h1920
=CAT  \\$aWR12-140$c20121101$lBLL01$h1843
=CAT  \\$aWR15_100$c20150913$lBLL01$h1617
=FMT  \\$a  MU
=LAS  \\$aWR15_100$b00$c20150913$lBLL01$h1617
=STA  \\$aSUPPRESSED$bAcquisitions Use Only

