=LDR  00899 cm a2200289 a 4500
=001  013812926
=003  Uk
=005  20070904145615.0
=008  070809s\\\\\\\\\\\||\\|\||||||n\\|\\\\\\
=040  \\$aUk$beng$cUk
=082  14$a780$215
=100  1\$aHindemith, Paul,$d1895-1963.
=245  10$aSämtliche Werke
=260  \\$aMainz:$bSchott Music Gmbh & Co. KG,
=336  \\$anotated music$2rdacontent
=337  \\$aunmediated$2rdamedia
=338  \\$avolume$2rdacarrier
=500  \\$aUmbrella record
=852  41$aBritish Library$bMUSIC$mI.284./$3Vol.1.-
=CAT  \\$a7988$b40$c20070809$lBLL01$h1137
=CAT  \\$a4587$b40$c20070904$lBLL01$h1456
=CAT  \\$aWR12-140$c20121101$lBLL01$h1843
=CAT  \\$aBATCH-UPD$b00$c20150714$lBLL01$h1038
=CAT  \\$aWR15_100$c20150913$lBLL01$h1619
=FMT  \\$a  MU
=LAS  \\$aWR15_100$b00$c20150913$lBLL01$h1619
=STA  \\$aSUPPRESSED$bAcquisitions Use Only

