=LDR  00845 cm a2200277 a 4500
=001  013820574
=003  Uk
=005  20070904143649.0
=008  070817s\\\\\\\\\\\||\\|\||||||n\\|\\\\\\
=040  \\$aUk$beng$cUk
=082  14$a780$215
=100  1\$aGiordani, Giuseppe,$d1751-1798.
=245  10$aOpera omnia
=260  \\$aLucca:$bLibreria Musicale Italiana
=336  \\$anotated music$2rdacontent
=337  \\$aunmediated$2rdamedia
=338  \\$avolume$2rdacarrier
=500  \\$aUmbrella record
=852  41$aBritish Library$bMUSIC$mH.345.bb./$3Vol.1.-
=CAT  \\$a7988$b40$c20070817$lBLL01$h0948
=CAT  \\$a4587$b40$c20070904$lBLL01$h1436
=CAT  \\$aWR12-140$c20121101$lBLL01$h1843
=CAT  \\$aWR15_100$c20150915$lBLL01$h0345
=FMT  \\$a  MU
=LAS  \\$aWR15_100$b00$c20150915$lBLL01$h0345
=STA  \\$aSUPPRESSED$bAcquisitions Use Only

