=LDR  00905 cm a2200289 a 4500
=001  014586924
=003  Uk
=005  20080411143443.0
=008  080411s\\\\\\\\\\\||\\|\||||||n\\|\\\\\\
=FMT  \\$a  MU
=040  \\$aUk$beng$cUk
=082  14$a780$215
=100  1\$aHasse, Johann Adolf,$d1699-1783.
=245  10$aWerke:Kritische Auswahlausgabe
=260  \\$aStuttgart:$bCarus
=336  \\$anotated music$2rdacontent
=337  \\$aunmediated$2rdamedia
=338  \\$avolume$2rdacarrier
=500  \\$aUmbrella record
=852  41$aBritish Library$bMUSIC$mH.3110.b./$3Vol.1-
=CAT  \\$a7988$b40$c20080411$lBLL01$h1434
=CAT  \\$aBATCH-UPD$b40$c20110209$lBLL01$h1921
=CAT  \\$aBATCH-UPD$b40$c20110902$lBLL01$h2156
=CAT  \\$aWR12-140$c20121101$lBLL01$h1843
=CAT  \\$aWR15_100$c20150915$lBLL01$h0347
=STA  \\$aSUPPRESSED$bAcquisitions Use Only
=LAS  \\$aWR15_100$b00$c20150915$lBLL01$h0347

