=LDR  00761 cm a2200253 a 4500
=001  014703932
=003  Uk
=005  20080828085453.0
=008  080828s\\\\\\\\\\\||\\|\||||||n\\|\\\\\\
=FMT  \\$a  MU
=040  \\$aUk$beng$cUk
=082  14$a780$215
=245  10$aJean De Castro Opera Omnia
=260  \\$aLeuven:$bLeuven University Press
=336  \\$anotated music$2rdacontent
=337  \\$aunmediated$2rdamedia
=338  \\$avolume$2rdacarrier
=500  \\$aUmbrella record
=852  41$aBritish Library$bMUSIC$mF.969.a./$3Vol.1.-
=CAT  \\$a7988$b40$c20080828$lBLL01$h0854
=CAT  \\$aWR12-140$c20121101$lBLL01$h1843
=CAT  \\$aWR15_100$c20150915$lBLL01$h0348
=STA  \\$aSUPPRESSED$bAcquisitions Use Only
=LAS  \\$aWR15_100$b00$c20150915$lBLL01$h0348

