=LDR  00800 cm a2200265 a 4500
=001  014857316
=003  Uk
=005  20081216160445.0
=008  081216s\\\\\\\\\\\||\\|\||||||n\\|\\\\\\
=FMT  \\$a  MU
=040  \\$aUk$beng$cUk
=082  14$a780$215
=100  1\$aVerdi, Giuseppe,$d1813-1901.
=245  10$aTutti I Balletti
=260  \\$aRoma:$bBoccaccini & Spada Editori
=336  \\$anotated music$2rdacontent
=337  \\$aunmediated$2rdamedia
=338  \\$avolume$2rdacarrier
=500  \\$aUmbrella record
=852  41$aBritish Library$bMUSIC$kg.856.d./$3Vol.1.-v.9
=CAT  \\$a7988$b40$c20081216$lBLL01$h1604
=CAT  \\$aWR12-140$c20121101$lBLL01$h1843
=CAT  \\$aWR15_100$c20150915$lBLL01$h0348
=STA  \\$aSUPPRESSED$bAcquisitions Use Only
=LAS  \\$aWR15_100$b00$c20150915$lBLL01$h0348

